% This file was created with JabRef 2.8.1.
% Encoding: Cp1252

@article{fraser1960simulation,
  title={Simulation of genetic systems by automatic digital computers vi. epistasis},
  author={Fraser, Alex S},
  journal={Australian Journal of Biological Sciences},
  volume={13},
  number={2},
  pages={150--162},
  year={1960},
  publisher={CSIRO}
}


@article{bremermann1962optimization,
  title={Optimization through evolution and recombination},
  author={Bremermann, Hans J},
  journal={Self-organizing systems},
  volume={93},
  pages={106},
  year={1962},
  publisher={Washington, DC}
}


@article{ender2004modified,
  title={Modified monopoly: Experiencing social class inequality},
  author={Ender, Morten G},
  journal={Academic Exchange Quarterly},
  volume={8},
  number={2},
  pages={249--253},
  year={2004},
  publisher={Rapid Intellect Group, Inc.}
}

@book{mitchell1998introduction,
  title={An introduction to genetic algorithms},
  author={Mitchell, Melanie},
  year={1998},
  publisher={MIT press}
}
